<?xml version="1.0" encoding="UTF-8"?><record xmlns="http://www.loc.gov/MARC21/slim" xmlns:cinclude="http://apache.org/cocoon/include/1.0" xmlns:zs="http://www.loc.gov/zing/srw/">
  <leader>00408nz  a2200121n  4500</leader>
  <controlfield tag="001">n 2014025298</controlfield>
  <controlfield tag="003">DLC</controlfield>
  <controlfield tag="005">20140506112444.0</controlfield>
  <controlfield tag="008">140506n| azannaabn          |n aaa     a</controlfield>
  <datafield tag="010" ind1=" " ind2=" ">
    <subfield code="a">n 2014025298</subfield>
  </datafield>
  <datafield tag="040" ind1=" " ind2=" ">
    <subfield code="a">DLC</subfield>
    <subfield code="b">eng</subfield>
    <subfield code="e">rda</subfield>
    <subfield code="c">DLC</subfield>
  </datafield>
  <datafield tag="100" ind1="1" ind2=" ">
    <subfield code="a">Krug, Hermann-Josef</subfield>
  </datafield>
  <datafield tag="670" ind1=" " ind2=" ">
    <subfield code="a">Möglichkeitsräume gestalten, 2012:</subfield>
    <subfield code="b">t.p. (Hermann-Josef Krug) p. facing t.p. (Dr. phil.; Medienwissenschaftler, Pädagoge und Künstler)</subfield>
  </datafield>
</record>